@ARTICLE{ICDMW2021,  author={Chi-Jen Wu and Wei-Sheng Zeng and Jan-Ming Ho},  journal={IEEE International Conference on Data Mining (ICDM) Workshops},   title={Optimal Segmented Linear Regression for Financial Time Series Segmentation},   year={2021}}
